<?xml version="1.0" encoding="UTF-8"?><collection><record><leader>04919ntm a2200577 a 4500</leader><controlfield tag="001">006832854</controlfield><controlfield tag="003">MiAaHDL</controlfield><controlfield tag="005">20190719000000.0</controlfield><controlfield tag="006">m        d        </controlfield><controlfield tag="007">cr bn ---auaua</controlfield><controlfield tag="008">090629s193u    xx            00| ||ara d</controlfield><datafield tag="035" ind1=" " ind2=" "><subfield code="a">(MiU)006832854</subfield></datafield><datafield tag="035" ind1=" " ind2=" "><subfield code="a">sdr-miu006832854</subfield></datafield><datafield tag="040" ind1=" " ind2=" "><subfield code="a">MiU</subfield><subfield code="c">MiU</subfield><subfield code="e">amremm</subfield></datafield><datafield tag="043" ind1=" " ind2=" "><subfield code="a">n-us-mi</subfield></datafield><datafield tag="100" ind1="1" ind2=" "><subfield code="6">880-01</subfield><subfield code="a">Ṣadr al-Dīn Shīrāzī, Muḥammad ibn Ibrāhīm,</subfield><subfield code="d">-1641.</subfield></datafield><datafield tag="240" ind1="1" ind2="0"><subfield code="6">880-02</subfield><subfield code="a">Kitāb al-Maẓāhir al-ilāhīyah.</subfield><subfield code="k">Selections</subfield></datafield><datafield tag="245" ind1="1" ind2="0"><subfield code="6">880-03</subfield><subfield code="a">Hādhā Kitāb al-Maẓāhir,</subfield><subfield code="f">[193-?].</subfield></datafield><datafield tag="246" ind1="3" ind2="8"><subfield code="a">رسالة المظاهر</subfield></datafield><datafield tag="246" ind1="3" ind2=" "><subfield code="a">كتاب المظاهر الالهية في اسرار العلوم الكاملية</subfield></datafield><datafield tag="246" ind1="3" ind2=" "><subfield code="i">Title from section 'title page' on p.113:</subfield><subfield code="a">تلخيص رسالة المظاهر</subfield></datafield><datafield tag="260" ind1=" " ind2=" "><subfield code="c">[193-?].</subfield></datafield><datafield tag="300" ind1=" " ind2=" "><subfield code="a">63 leaves :</subfield><subfield code="b">paper ;</subfield><subfield code="c">213 x 145-170 mm. bound to 220 x 175 mm.</subfield></datafield><datafield tag="500" ind1=" " ind2=" "><subfield code="a">Shelfmark: Ann Arbor, University of Michigan, Special Collections Library, Isl. Ms. 965</subfield></datafield><datafield tag="500" ind1=" " ind2=" "><subfield code="a">Origin: Lacks dated scribal colophon ; likely copied in Egypt in the late 1930s and bound for James Heyworth-Dunne (d.1974).</subfield></datafield><datafield tag="500" ind1=" " ind2=" "><subfield code="a">Former shelfmark: Mich. Isl. Ms. temp. no. 114</subfield></datafield><datafield tag="500" ind1=" " ind2=" "><subfield code="a">Binding: Boards covered in dark green cloth with dark green leather over spine (quarter binding) ; pastedowns and flyleaves in wove paper printed with a floral vegetal pattern in green ; spine gold-stamped with title and decorative accents over raised bands "رسالة المظاهر للشيرازي | J.H.D." ; sewing difficult to examine ; stuck-on endbands (blue and white stripe) ; overall in fairly good condition.</subfield></datafield><datafield tag="500" ind1=" " ind2=" "><subfield code="a">Support: Machine wove paper of two different types, one beige in color, the other medium cream.</subfield></datafield><datafield tag="500" ind1=" " ind2=" "><subfield code="a">Decoration: Text executed entirely in red ink.</subfield></datafield><datafield tag="500" ind1=" " ind2=" "><subfield code="a">Script: Ruqʻah ; careful, compact hand in a medium line ; serifless and freely ligatured with mainly closed counters, effect of inclination to the right and of words descending to baseline, pointing somewhat careless and in strokes rather than distinct dots.</subfield></datafield><datafield tag="500" ind1=" " ind2=" "><subfield code="a">Layout: Written mainly in 11 lines per page.</subfield></datafield><datafield tag="500" ind1=" " ind2=" "><subfield code="a">Collation: Pages between sections left blank with some serving as 'title pages' (see pp.41, 81, 113) ; pagination in pencil, Hindu-Arabic numerals through p.39 ; at p.40 begins pagination in pencil, Western numerals, presumably supplied during digitization ; leaves left blank or partially blank between sections.</subfield></datafield><datafield tag="500" ind1=" " ind2=" "><subfield code="a">Explicit: "فانصب في طب الرضا والى ربك فارغب في محبته تم الكتاب"</subfield></datafield><datafield tag="500" ind1=" " ind2=" "><subfield code="a">Incipit: "سبحانك اللهم يا مفيض الجود والوجود ويا ولي الفضل والنور يا شافي امراض الصدور ...اما بعد لما كان افضل السعادات والوسائل ورئيس الحسنات والفضائل اكتساب الحكمة الحقة الالهية وتكميل القوة النظرية بتحصيل العلوم الحقيقية والمعارف اليقينية ..."</subfield></datafield><datafield tag="500" ind1=" " ind2=" "><subfield code="a">Title from rubricated heading at opening on p.2.</subfield></datafield><datafield tag="500" ind1=" " ind2=" "><subfield code="a">Ms. codex.</subfield></datafield><datafield tag="510" ind1="4" ind2=" "><subfield code="a">Ṣadr al-Dīn Shīrāzī, Muḥammad ibn Ibrāhīm. al-Maẓāhir al-ilāhīyah. Ed. Jalāl al-Dīn Āshtiyānī. Mashhad, 1961.</subfield></datafield><datafield tag="510" ind1="4" ind2=" "><subfield code="a">MacEoin, D. "Mullā Ṣadrā S̲H̲īrāzīṢadr al-Dīn Muḥammad b. Ibrāhīm Ḳawāmī S̲h̲īrāzī." In EI2,</subfield><subfield code="c">vol. VII, p.547, col. 2</subfield></datafield><datafield tag="510" ind1="4" ind2=" "><subfield code="a">Brockelmann, C. GAL,</subfield><subfield code="c">II 413 ; S II 588 ff.</subfield></datafield><datafield tag="520" ind1="8" ind2=" "><subfield code="a">Careful copy of an apparent abridgment of Kitāb al-Maẓāhir al-ilāhīyah, a philosophical work by Mullā Ṣadrā Shīrāzī (d.1641), renowned philosopher of the Ṣafavid period, bound up with a section labeled "المبدأ والمعاد" likely intended as the third section of Isl. Ms. 979 and Isl. Ms. 980 (see pp.81-112).</subfield></datafield><datafield tag="538" ind1=" " ind2=" "><subfield code="a">Mode of access: Internet.</subfield></datafield><datafield tag="541" ind1=" " ind2=" "><subfield code="a">Acquired in the Fall of 1950.</subfield></datafield><datafield tag="546" ind1=" " ind2=" "><subfield code="a">Arabic.</subfield></datafield><datafield tag="561" ind1=" " ind2=" "><subfield code="a">On upper pastedown, label with ex libris of James Heyworth-Dunne (d.1974), stamped with inventory numbers, "Ex Libris | J. Heyworth-Dunne | D. Lit. (London) | No. 7909 | No. 7910" ; UM Library inscription on p.3 "Dunning | Heyworth-Dunne | 6-13-51 | 71955" ; possible former inventory mark in pencil "231 / 53" on opening leaf (p.1) ; several marginal glosses in a dark red-brown ink.</subfield></datafield><datafield tag="650" ind1=" " ind2="0"><subfield code="a">Manuscripts, Arabic</subfield><subfield code="z">Michigan</subfield><subfield code="z">Ann Arbor.</subfield></datafield><datafield tag="650" ind1=" " ind2="0"><subfield code="a">Islamic philosophy</subfield><subfield code="v">Early works to 1800.</subfield></datafield><datafield tag="700" ind1="1" ind2=" "><subfield code="a">Heyworth-Dunne, J.</subfield><subfield code="q">(James),</subfield><subfield code="e">former owner.</subfield></datafield><datafield tag="773" ind1="0" ind2=" "><subfield code="a">Heyworth-Dunne Collection.</subfield></datafield><datafield tag="880" ind1="1" ind2="0"><subfield code="6">245-03/</subfield><subfield code="a">هذا كتاب المظاهر,</subfield><subfield code="f">[193-م?].</subfield></datafield><datafield tag="880" ind1="1" ind2="0"><subfield code="6">240-02/</subfield><subfield code="a">كتاب المظاهر الالهية.</subfield><subfield code="k">مختارات</subfield></datafield><datafield tag="880" ind1="1" ind2=" "><subfield code="6">100-01/</subfield><subfield code="a">صدر الدن شيرازى، محمد بن ابراهيم.</subfield></datafield><datafield tag="CID" ind1=" " ind2=" "><subfield code="a">006832854</subfield></datafield><datafield tag="DAT" ind1="0" ind2=" "><subfield code="a">20190719102640.0</subfield><subfield code="b">20190719000000.0</subfield></datafield><datafield tag="DAT" ind1="1" ind2=" "><subfield code="a">20190719090653.0</subfield><subfield code="b">2019-07-19T16:12:23Z</subfield></datafield><datafield tag="DAT" ind1="2" ind2=" "><subfield code="a">2015-10-10T18:00:06Z</subfield></datafield><datafield tag="CAT" ind1=" " ind2=" "><subfield code="a">SDR-MIU</subfield><subfield code="d">EX LIBRIS - ALEPH</subfield><subfield code="l">prepare.pl-004-008</subfield></datafield><datafield tag="FMT" ind1=" " ind2=" "><subfield code="a">BK</subfield></datafield><datafield tag="HOL" ind1=" " ind2=" "><subfield code="0">sdr-miu006832854</subfield><subfield code="a">MiU</subfield><subfield code="b">SDR</subfield><subfield code="c">MIU</subfield><subfield code="p">mdp.39015079131465</subfield><subfield code="s">MIU</subfield><subfield code="1">006832854</subfield></datafield><datafield tag="974" ind1=" " ind2=" "><subfield code="b">MIU</subfield><subfield code="c">MIU</subfield><subfield code="d">20190719</subfield><subfield code="s">lit-dlps-dc</subfield><subfield code="u">mdp.39015079131465</subfield><subfield code="y">1939</subfield><subfield code="r">ic-world</subfield><subfield code="q">man</subfield></datafield></record></collection>